<record xmlns="http://www.loc.gov/MARC21/slim" xmlns:xsi="http://www.w3.org/2001/XMLSchema-instance" xsi:schemaLocation="http://www.loc.gov/MARC21/slim http://www.loc.gov/standards/marcxml/schema/MARC21slim.xsd"><leader>02090nam a2200397   4500</leader><controlfield tag="001">1911783</controlfield><controlfield tag="003">NIC</controlfield><controlfield tag="006">m        d        </controlfield><controlfield tag="007">cr cn |||m|||a</controlfield><controlfield tag="008">150223m18729999ua      o    f000 0 ara d</controlfield><datafield ind1=" " ind2=" " tag="040"><subfield code="a">NNU</subfield><subfield code="b">eng</subfield><subfield code="e">rda</subfield><subfield code="c">NNU</subfield></datafield><datafield ind1="1" ind2=" " tag="100"><subfield code="6">880-01</subfield><subfield code="a">Mars&#803;afi&#772;, H&#803;usayn.</subfield></datafield><datafield ind1="1" ind2="3" tag="245"><subfield code="6">880-02</subfield><subfield code="a">al-Wasi&#772;lah al-adabi&#772;yah ila&#769; al-&#699;ulu&#772;m al-&#699;Arabi&#772;yah /</subfield><subfield code="c">H&#803;usayn al-Mars&#803;afi&#772;.</subfield></datafield><datafield ind1=" " ind2=" " tag="250"><subfield code="6">880-03</subfield><subfield code="a">T&#803;ab&#699;ah 1.</subfield></datafield><datafield ind1=" " ind2=" " tag="260"><subfield code="6">880-04</subfield><subfield code="a">[Cairo] :</subfield><subfield code="b">Mat&#803;ba&#699;at al-Mada&#772;ris al-Malaki&#772;yah,</subfield><subfield code="c">1289-[1872 or 1873-]</subfield></datafield><datafield ind1=" " ind2=" " tag="300"><subfield code="a">online resource (volumes)</subfield></datafield><datafield ind1=" " ind2=" " tag="336"><subfield code="a">text</subfield><subfield code="2">rdacontent</subfield></datafield><datafield ind1=" " ind2=" " tag="337"><subfield code="a">computer</subfield><subfield code="2">rdamedia</subfield></datafield><datafield ind1=" " ind2=" " tag="338"><subfield code="a">online resource</subfield><subfield code="2">rdacarrier</subfield></datafield><datafield ind1=" " ind2=" " tag="500"><subfield code="a">Part of the Arabic Collections Online (ACO) project, contributed by Cornell University Libraries.</subfield></datafield><datafield ind1=" " ind2=" " tag="533"><subfield code="a">Electronic reproduction.</subfield><subfield code="b">New York, N.Y. :</subfield><subfield code="c">New York University,</subfield><subfield code="d">2015.</subfield><subfield code="5">NNU</subfield></datafield><datafield ind1=" " ind2="0" tag="650"><subfield code="a">Arabic philology.</subfield></datafield><datafield ind1=" " ind2="0" tag="650"><subfield code="a">Arabic language</subfield><subfield code="x">Rhetoric.</subfield></datafield><datafield ind1=" " ind2="7" tag="650"><subfield code="a">Arabic language</subfield><subfield code="x">Rhetoric.</subfield><subfield code="2">fast</subfield><subfield code="0">(OCoLC)fst00812415</subfield></datafield><datafield ind1=" " ind2="7" tag="650"><subfield code="a">Arabic philology.</subfield><subfield code="2">fast</subfield><subfield code="0">(OCoLC)fst00812526</subfield></datafield><datafield ind1="2" ind2=" " tag="710"><subfield code="a">Cornell University.</subfield><subfield code="b">Libraries.</subfield></datafield><datafield ind1="0" ind2=" " tag="730"><subfield code="a">Arabic Collections Online.</subfield></datafield><datafield ind1="0" ind2="8" tag="776"><subfield code="i">Online version:</subfield><subfield code="a">Mars&#803;afi&#772;, H&#803;usayn.</subfield><subfield code="t">Wasi&#772;lah al-adabi&#772;yah ila&#769; al-&#699;ulu&#772;m al-&#699;Arabi&#772;yah.</subfield><subfield code="b">T&#803;ab&#699;ah 1.</subfield><subfield code="d">[al-Qa&#772;hirah] : Mat&#803;ba&#699;at al-Mada&#772;ris al-Malaki&#772;yah, 1289-[1872 or 1873-]</subfield><subfield code="w">(OCoLC)811869634</subfield></datafield><datafield ind1="0" ind2="8" tag="776"><subfield code="i">Print version:</subfield><subfield code="a">Mars&#803;afi&#772;, H&#803;usayn.</subfield><subfield code="t">al-Wasi&#772;lah al-adabi&#772;yah ila&#769; al-&#699;ulu&#772;m al-&#699;Arabi&#772;yah</subfield><subfield code="w">(NIC)1911783</subfield><subfield code="w">(OCoLC)43184743</subfield></datafield><datafield ind1="4" ind2="0" tag="856"><subfield code="u">http://hdl.handle.net/2333.1/3j9kd76f</subfield></datafield><datafield ind1="1" ind2=" " tag="880"><subfield code="6">100-01/r</subfield><subfield code="a">&#8207;&#1605;&#1585;&#1589;&#1601;&#1610;&#1548; &#1581;&#1587;&#1610;&#1606;.</subfield></datafield><datafield ind1="1" ind2="2" tag="880"><subfield code="6">245-02/r</subfield><subfield code="a">&#8207;&#1575;&#1604;&#1608;&#1587;&#1610;&#1604;&#1577; &#1575;&#1604;&#1571;&#1583;&#1576;&#1610;&#1577; &#1573;&#1604;&#1609; &#1575;&#1604;&#1593;&#1604;&#1608;&#1605; &#1575;&#1604;&#1593;&#1585;&#1576;&#1610;&#1577; /&#8207;</subfield><subfield code="c">&#8207;&#1578;&#1571;&#1604;&#1610;&#1601; &#1581;&#1587;&#1610;&#1606; &#1575;&#1604;&#1605;&#1585;&#1589;&#1601;&#1610;.</subfield></datafield><datafield ind1=" " ind2=" " tag="880"><subfield code="6">250-03/r</subfield><subfield code="a">&#1591;&#1576;&#1593;&#1577; 1.</subfield></datafield><datafield ind1=" " ind2=" " tag="880"><subfield code="6">260-04/r</subfield><subfield code="a">&#8207;[Cairo] :&#8207;</subfield><subfield code="b">&#8207;&#1605;&#1591;&#1576;&#1593;&#1577; &#1575;&#1604;&#1605;&#1583;&#1575;&#1585;&#1587; &#1575;&#1604;&#1605;&#1604;&#1603;&#1610;&#1577;&#1548;&#8207;</subfield><subfield code="c">1289-[1872 or 1873-]</subfield></datafield><datafield ind1=" " ind2=" " tag="959"><subfield code="a">NNU</subfield><subfield code="b">WEB</subfield><subfield code="c">GENI</subfield><subfield code="t">0</subfield><subfield code="m">Electronic access</subfield><subfield code="s">01</subfield></datafield><datafield ind1=" " ind2=" " tag="999"><subfield code="i">NIC_1911783</subfield><subfield code="o">(OCoLC)ocm43184743</subfield><subfield code="s">cornell_aco000067:juz 1</subfield><subfield code="s">cornell_aco000068:juz 2</subfield></datafield></record>